<record><leader>01776pam a2200433 i 4500</leader><controlfield tag="001">6775957</controlfield><controlfield tag="003">OCoLC</controlfield><controlfield tag="005">20141230111851.0</controlfield><controlfield tag="008">140616s2015    dcua     b    001 0 eng  </controlfield><datafield ind1=" " ind2=" " tag="010"><subfield code="a">  2014009105</subfield></datafield><datafield ind1=" " ind2=" " tag="020"><subfield code="a">9781433818080</subfield></datafield><datafield ind1=" " ind2=" " tag="020"><subfield code="a">1433818086</subfield></datafield><datafield ind1=" " ind2=" " tag="035"><subfield code="a">ocn881720284</subfield></datafield><datafield ind1=" " ind2=" " tag="040"><subfield code="a">DLC</subfield><subfield code="b">eng</subfield><subfield code="e">rda</subfield><subfield code="c">DLC</subfield><subfield code="d">OCLCO</subfield><subfield code="d">BDX</subfield><subfield code="d">YDXCP</subfield><subfield code="d">BTCTA</subfield><subfield code="d">OCLCF</subfield><subfield code="d">CDX</subfield><subfield code="d">UAB</subfield></datafield><datafield ind1=" " ind2=" " tag="042"><subfield code="a">pcc</subfield></datafield><datafield ind1="0" ind2="0" tag="050"><subfield code="a">LC4019</subfield><subfield code="b">.B42 2015</subfield></datafield><datafield ind1="0" ind2="0" tag="082"><subfield code="a">371.9</subfield><subfield code="2">23</subfield></datafield><datafield ind1=" " ind2=" " tag="090"><subfield code="a">LC 4019 B47 2015</subfield><subfield code="b">AEU</subfield></datafield><datafield ind1=" " ind2=" " tag="090"><subfield code="a">LC4019 .B47 2015</subfield><subfield code="b">AEGMCT</subfield></datafield><datafield ind1="1" ind2=" " tag="100"><subfield code="a">Berninger, Virginia Wise,</subfield><subfield code="e">author.</subfield></datafield><datafield ind1="1" ind2="0" tag="245"><subfield code="a">Interdisciplinary frameworks for schools :</subfield><subfield code="b">best professional practices for serving the needs of all students /</subfield><subfield code="c">Virginia Wise Berninger ; with contributions by Sharon Brown, G. Andrew H. Benjamin, Kristen Bishop, Thomas Power, Deborah Wabe.</subfield></datafield><datafield ind1=" " ind2="1" tag="264"><subfield code="a">Washington, DC :</subfield><subfield code="b">American Psychological Association,</subfield><subfield code="c">[2015]</subfield></datafield><datafield ind1=" " ind2=" " tag="300"><subfield code="a">xi, 383 pages :</subfield><subfield code="b">illustrations ;</subfield><subfield code="c">26 cm</subfield></datafield><datafield ind1=" " ind2=" " tag="336"><subfield code="a">text</subfield><subfield code="2">rdacontent</subfield></datafield><datafield ind1=" " ind2=" " tag="337"><subfield code="a">unmediated</subfield><subfield code="2">rdamedia</subfield></datafield><datafield ind1=" " ind2=" " tag="338"><subfield code="a">volume</subfield><subfield code="2">rdacarrier</subfield></datafield><datafield ind1=" " ind2=" " tag="504"><subfield code="a">Including bibliographical references and index.</subfield></datafield><datafield ind1=" " ind2=" " tag="596"><subfield code="a">29 41</subfield></datafield><datafield ind1=" " ind2="0" tag="650"><subfield code="a">Children with disabilities</subfield><subfield code="x">Education.</subfield></datafield><datafield ind1=" " ind2="0" tag="650"><subfield code="a">Children with disabilities</subfield><subfield code="x">Psychological testing.</subfield></datafield><datafield ind1=" " ind2="0" tag="650"><subfield code="a">Interdisciplinary approach in education.</subfield></datafield><datafield ind1=" " ind2="0" tag="650"><subfield code="a">Education</subfield><subfield code="x">Evaluation.</subfield></datafield><datafield ind1=" " ind2="0" tag="650"><subfield code="a">Needs assessment.</subfield></datafield><datafield ind1=" " ind2="0" tag="650"><subfield code="a">Learning, Psychology of.</subfield></datafield><datafield ind1=" " ind2="0" tag="650"><subfield code="a">Learning</subfield><subfield code="x">Physiological aspects.</subfield></datafield><datafield ind1=" " ind2="0" tag="650"><subfield code="a">Brain.</subfield></datafield><datafield ind1=" " ind2=" " tag="949"><subfield code="a">LC 4019 B47 2014</subfield><subfield code="c">1</subfield><subfield code="h">UAED-B</subfield><subfield code="i">0162035223294</subfield></datafield><datafield ind1=" " ind2=" " tag="926"><subfield code="a">LC 4019 B47 2015</subfield><subfield code="w">LC</subfield><subfield code="c">1</subfield><subfield code="i">0162035223294</subfield><subfield code="l">FLOOR_2</subfield><subfield code="m">UAEDUC</subfield><subfield code="p">$150.00</subfield><subfield code="r">Y</subfield><subfield code="s">Y</subfield><subfield code="t">BOOK</subfield><subfield code="u">1/14/2015</subfield></datafield><datafield ind1=" " ind2=" " tag="926"><subfield code="a">LC4019 .B47 2015</subfield><subfield code="w">LC</subfield><subfield code="c">1</subfield><subfield code="i">1007435108</subfield><subfield code="d">1/23/2015</subfield><subfield code="l">ON_SHELF</subfield><subfield code="m">GR_MACEWAN</subfield><subfield code="p">$87.29</subfield><subfield code="r">Y</subfield><subfield code="s">Y</subfield><subfield code="t">BOOK</subfield><subfield code="u">1/20/2015</subfield></datafield></record>